@ARTICLE{vret,
    author = {Vretenar,Mario  and Erceg,Nataša  and Karuza,Marin },
    title = {Energy-resolved coincidence counting using an FPGA for nuclear lifetime experiments},
    journal = {American Journal of Physics},
    volume = {87},
    number = {12},
    pages = {997-1003},
    year = {2019},
    doi = {10.1119/1.5122744},
    URL = {https://doi.org/10.1119/1.5122744},
    eprint = {https://doi.org/10.1119/1.5122744}
}

@ARTICLE{filipe,
   title={Maximal angular correlation in γ – γ coincidences: A quantitative study},
   volume={87},
   ISSN={1943-2909},
   url={http://dx.doi.org/10.1119/1.5099891},
   DOI={10.1119/1.5099891},
   number={8},
   journal={American Journal of Physics},
   publisher={American Association of Physics Teachers (AAPT)},
   author={Moura, Filipe},
   year={2019},
   month={Aug},
   pages={638–642}
}

@MISC{fpga,
    URL = {https://fpga4fun.com},
    author = {Nicolle, Jean}
}

@MISC{alterra,
    URL = {https://www.intel.com/content/dam/altera-www/global/en_US/pdfs/literature/manual/rm_sive_fpga_dev_board.pdf},
    author={Intel}
}
